@article{article,
author = {Mishra, Suvrajyoti and Unnikrishnan, Lakshmi and Kumar Nayak, Sanjay and Mohanty, Smita},
year = {2018},
month = {11},
pages = {},
title = {Advances in Piezoelectric Polymer Composites for Energy Harvesting Applications: A Systematic Review},
journal = {Macromolecular Materials and Engineering},
doi = {10.1002/mame.201800463}
}